@book{coleman2013introduction,
  title={Introduction to Many Body Physics},
  author={Coleman, P.},
  isbn={9780521864886},
  url={http://books.google.ru/books?id=PDg1HQAACAAJ},
  year={2013},
  publisher={Cambridge University Press}
}
@book{bruus2004many,
  title={Many-Body Quantum Theory in Condensed Matter Physics: An Introduction},
  author={Bruus, H. and Flensberg, K.},
  isbn={9780198566335},
  lccn={2005272846},
  series={Oxford Graduate Texts},
  url={http://books.google.ru/books?id=v5vhg1tYLC8C},
  year={2004},
  publisher={OUP Oxford}
}
@book{dickhoff2005many,
  title={Many-Body Theory Exposed!: Propagator Description of Quantum Mechanics in Many-body Systems},
  author={Dickhoff, W.H. and Van Neck, D.},
  isbn={9789812562944},
  lccn={2005296555},
  url={http://books.google.ru/books?id=1rPU1Zz5wbMC},
  year={2005},
  publisher={World Scientific Publishing Company Incorporated}
}
@misc{0809.1051,
Author = {Hartmut Hafermann and Christoph Jung and Sergey Brener and Mikhail I. Katsnelson and Alexei N. Rubtsov and Alexander I. Lichtenstein},
Title = {Superperturbation solver for quantum impurity models},
Year = {2008},
Eprint = {arXiv:0809.1051},
Howpublished = {\href{http://arxiv.org/abs/0809.1051}{EPL 85, 27007 (2009)}},
Doi = {10.1209/0295-5075/85/27007},
}
@misc{0810.3819,
Author = {A. N. Rubtsov and M. I. Katsnelson and A. I. Lichtenstein and A. Georges},
Title = {Dual fermion approach to the two-dimensional Hubbard model: Antiferromagnetic fluctuations and Fermi arcs},
Year = {2008},
Eprint = {arXiv:0810.3819},
Howpublished = {\href{http://arxiv.org/abs/0810.3819}{Phys.Rev. B 79 045133 (2009)}},
Doi = {10.1103/PhysRevB.79.045133},
}
